@BOOKS{TranGia2005,
  author = {Phuoc Tran-Gia},
  title = {{Einf{\"u}hrung in die Leistungsbewertung und Verkehrstheorie}},
  publisher = {Oldenbourg},
  address = {M{\"u}nchen, Deutschland},
  month = jul,
  year = {2005},
}